@book{textbook,
    author={吴思诚{, }荀坤},
    year={2015},
    title={近代物理实验},
    publisher={高等教育出版社},
    address={北京},
    edition={第4版},
    isbn={7040418304;9787040418309;},
    language={Chinese},
}

@article{lambert1984iodine,
  title={Iodine clock reaction mechanisms},
  author={Lambert, Jack L and Fina, Gary T},
  journal={Journal of Chemical Education},
  volume={61},
  number={12},
  pages={1037},
  year={1984},
  publisher={ACS Publications}
}

@article{prigogine1978time,
  title={Time, structure, and fluctuations},
  author={Prigogine, Ilya},
  journal={Science},
  volume={201},
  number={4358},
  pages={777--785},
  year={1978},
  publisher={American Association for the Advancement of Science}
}