@inbook{textbook,
  author    = {吴思诚，荀坤},
  year      = {2015},
  title     = {近代物理实验.第四版},
  address   = {北京},
  publisher = {高等教育出版社},
  isbn      = {7040418304;9787040418309;},
  language  = {Chinese}
}

@article{thomson1927diffraction,
  title={Diffraction of cathode rays by a thin film},
  author={Thomson, George P and Reid, Andrew},
  journal={Nature},
  volume={119},
  number={3007},
  pages={890},
  year={1927}
}

@article{mcmullan1995scanning,
  title={Scanning electron microscopy 1928--1965},
  author={McMullan, D},
  journal={Scanning},
  volume={17},
  number={3},
  pages={175--185},
  year={1995},
  publisher={Wiley Online Library}
}

@phdthesis{de1924recherches,
  title={Recherches sur la th{\'e}orie des quanta},
  author={De Broglie, Louis},
  year={1924},
  school={Migration-universit{\'e} en cours d'affectation}
}

@article{davisson1927diffraction,
  title={Diffraction of electrons by a crystal of nickel},
  author={Davisson, Clinton and Germer, Lester H},
  journal={Physical review},
  volume={30},
  number={6},
  pages={705},
  year={1927},
  publisher={APS}
}

@article{knoll1935aufladepotentiel,
  title={Aufladepotentiel und sekund{\"a}remission elektronenbestrahlter k{\"o}rper},
  author={Knoll, Max},
  journal={Z. tech. Phys},
  volume={16},
  pages={467--475},
  year={1935}
}

@book{ruska1980early,
  title={The early development of electron lenses and electron microscopy},
  author={Ruska, Ernst},
  year={1980},
  publisher={Hirzel}
}

@misc{Nanotech86:online,
	title = {{Hitachi Launches World's Highest Resolution FE-SEM}},
	publisher = {\url{http://www.nanotech-now.com/news.cgi?story_id=42612}},
	year = {(Accessed on 12/12/2017)}
}